@online{unitssold,
    title = "The Lighter Side of Mathematics",
    url  = "https://archive.org/details/lightersideofmat0000unse/page/340/mode/1up",
    addendum = "Last accessed on 25/03/25",
}

@online{states,
    title = "Mathematics of the Rubik's Cube",
    url  = "https://ruwix.com/the-rubiks-cube/mathematics-of-the-rubiks-cube-permutation-group/",
    addendum = "Last accessed on 25/03/25",
}

@inproceedings{korf,
    author = "Korf, R. E.",
    title = "Finding Optimal Solutions to Rubik's Cube Using Pattern Databases",
    booktitle = "AAAI'97",
    year = "1997",
    url  = "https://www.cs.princeton.edu/courses/archive/fall06/cos402/papers/korfrubik.pdf",
    addendum = "Last accessed on 25/03/25",
}

@article{patterndatabases,
  author = "Culberson, J. C. and Schaeffer, J.",
  journal = "Computational Intelligence",
  number = "3",
  title = "Pattern Databases",
  volume = "14",
  year = "1998",
  url = "https://onlinelibrary.wiley.com/doi/abs/10.1111/0824-7935.00065",
  addendum = "Last accessed on 26/03/25",
}

@online{godsnumber,
    author = "Rokicki, T. and Kociemba, H. and Davidson, M. and Dethridge, J.",
    title = "God's Number is 20",
    url  = "https://www.cube20.org/",
    addendum = "Last accessed on 26/03/25",
}

@online{kilominxgodsnumber,
    title = "God's Algorithm - Optimal solutions of the Rubik's Cube",
    url  = "https://www.speedsolving.com/wiki/index.php/God's_Algorithm#Minxes",
    addendum = "Last accessed on 26/03/25",
}

@online{rubiksnotation,
    title = "Rubik's Cube Notation",
    url  = "https://ruwix.com/the-rubiks-cube/notation/",
    addendum = "Last accessed on 29/03/25",
}

@article{idastar,
  author = "Korf, R. E.",
  journal = "Artificial Intelligence",
  number = "1",
  title = "Depth-First Iterative-Deepening: An Optimal Admissible Tree Search",
  volume = "27",
  year = "1985",
  url = "https://cse.sc.edu/~mgv/csce580f09/gradPres/korf_IDAStar_1985.pdf",
  addendum = "Last accessed on 29/03/25",
}

@inproceedings{branchingfactor,
    author = "Edelkamp, S. and Korf, R. E.",
    title = "The Branching Factor of Regular Search Spaces",
    booktitle = "AAAI'98",
    year = "1998",
    url  = "https://cdn.aaai.org/AAAI/1998/AAAI98-042.pdf",
    addendum = "Last accessed on 30/03/25",
}

@online{lehmer,
    title = "Lehmer code - Wikipedia",
    url  = "https://en.wikipedia.org/wiki/Lehmer_code",
    addendum = "Last accessed on 29/03/25",
}

@online{factorial,
    title = "Factorial number system - Wikipedia",
    url  = "https://en.wikipedia.org/wiki/Factorial_number_system",
    addendum = "Last accessed on 29/03/25",
}

@inproceedings{permutationalg,
    author = "Korf, R. E. and Schultze, P.",
    title = "Large-Scale Parallel Breadth-First Search",
    booktitle = "AAAI'05",
    year = "2005",
    url  = "https://cdn.aaai.org/AAAI/2005/AAAI05-219.pdf",
    addendum = "Last accessed on 29/03/25",
}

@online{feather,
    title = "Unique Solving Method for Rubik's Cube",
    url  = "https://mfeather1.github.io/3ColorCube/",
    addendum = "Last accessed on 30/03/25",
}

@online{featherperformance,
    title = "Performance Summary",
    url  = "https://mfeather1.github.io/3ColorCube/solver2/perf_summary_new.html",
    addendum = "Last accessed on 30/03/25",
}

@book{godsalgorithm,
    author = "Joyner, D.",
    year = "2002",
    title = "Adventures in Group Theory",
    publisher = "Johns Hopkins University Press",
    page = "149",
    addendum = "Last accessed on 30/03/25",
}

@online{kilominxgodsnumberproof,
    title = "Kilominx God's number bounds",
    url  = "https://www.speedsolving.com/threads/kilominx-gods-number-bounds.67278/#post-1441983",
    addendum = "Last accessed on 30/03/25",
}

@online{kilominxorientation,
    title = "CubeLovers: MegaMinx and orientation theory",
    url = "https://www.math.rwth-aachen.de/~Martin.Schoenert/Cube-Lovers/Dan_Hoey__MegaMinx_and_orientation_theory.html",
    addendum = "Last accessed on 01/04/25",
}

@online{parity,
    title = "How to determine whether a Rubik's cube is solvable",
    url = "https://puzzling.stackexchange.com/questions/53846/how-to-determine-whether-a-rubiks-cube-is-solvable",
    addendum = "Last accessed on 03/04/25",
}

@online{korfimplementation,
    title = "An OpenGL Rubik's Cube implementation with an optimal solver.",
    url = "https://github.com/benbotto/rubiks-cube-cracker/",
    addendum = "Last accessed on 04/04/25",
}