@online{rubikscube,
    title = "Rubik's Cube - Wikipedia",
    url  = "https://en.wikipedia.org/wiki/Rubik%27s_Cube",
    addendum = "Last accessed on 26/09/24",
}

@online{kilominx,
    title = "Kilominx Twisty Puzzle - Ruwix",
    url  = "https://ruwix.com/twisty-puzzles/kilominx/",
    addendum = "Last accessed on 26/09/24",
}

@online{godsnumber,
    author = "Rokicki, T. and Kociemba, H. and Davidson, M. and Dethridge, J.",
    title = "God's Number is 20",
    url  = "https://www.cube20.org/",
    addendum = "Last accessed on 26/09/24",
}

@inproceedings{korf,
    author = "Korf, R. E.",
    title = "Finding Optimal Solutions to Rubik's Cube Using Pattern Databases",
    booktitle = "AAAI'97",
    year = "1997",
    url  = "https://www.cs.princeton.edu/courses/archive/fall06/cos402/papers/korfrubik.pdf",
    addendum = "Last accessed on 26/09/24",
}

@online{3dmodel,
    title = "cubing.js",
    url  = "https://js.cubing.net/cubing/twisty/",
    addendum = "Last accessed on 27/09/24",
}

@online{kilominxgodbounds,
    title = "God's Algorithm - Speedsolving.com",
    url  = "https://www.speedsolving.com/wiki/index.php/God's_Algorithm#Minxes",
    addendum = "Last accessed on 26/09/24",
}